% 01
@book{FerzigerCFD,
    title = {Computational Methods for Fluid Dynamics},
    author = {Ferziger and Peric and Street},
    % isbn = {9780198520115},
    % series = {International series of monographs on physics},
    year = {2020},
    publisher = {Springer},
    % keywords = {physics}
}

% 02
@book{VerMalCFD,
    title = {An Introduction to Computational Fluid Dynamics. The Final Volume Method},
    author = {Versteeg and Malalasekera},
    % isbn = {9780198520115},
    % series = {International series of monographs on physics},
    year = {2007},
    edition = {2nd ed},
    publisher = {Pearson Education Limited},
    % keywords = {physics}
}
